<?xml version="1.0" encoding="UTF-8"?><collection xmlns="http://www.loc.gov/MARC21/slim"><record><leader>00393nam--2200145-i-4500</leader><controlfield tag="001">000015405</controlfield><controlfield tag="002">20161230</controlfield><controlfield tag="005">20170225103338</controlfield><controlfield tag="008">060222s1000------------r-----000-0-eng-d</controlfield><datafield ind1=" " ind2=" " tag="245"><subfield code="a">Proiectarea asistata de calculator a sistemelor discrete</subfield></datafield><datafield ind1=" " ind2=" " tag="260"><subfield code="a">Bucuresti</subfield><subfield code="b">Editura Academiei Rsr</subfield><subfield code="c">1984</subfield></datafield><datafield ind1=" " ind2=" " tag="300"><subfield code="a">204 p</subfield></datafield><datafield ind1=" " ind2=" " tag="700"><subfield code="a">Cosma, Octavian</subfield></datafield><datafield ind1=" " ind2=" " tag="852"><subfield code="a">681.142</subfield></datafield><datafield ind1=" " ind2=" " tag="CAT"><subfield code="a">SYS</subfield><subfield code="c">20170225</subfield><subfield code="h">103338</subfield></datafield></record></collection>